<?xml version="1.0" encoding="UTF-8"?><collection xmlns="http://www.loc.gov/MARC21/slim"><record><leader>00525nam--2200133-i-4500</leader><controlfield tag="001">000011203</controlfield><controlfield tag="002">20161230</controlfield><controlfield tag="005">20161230201029</controlfield><controlfield tag="008">060222s1000------------r-----000-0-eng-d</controlfield><datafield ind1=" " ind2=" " tag="080"><subfield code="a">541.135.5(047):533.9(047)</subfield></datafield><datafield ind1=" " ind2=" " tag="100"><subfield code="a">Cap, Ferdinand F., Fritzer, Peter., Schmid, Jo Ahim</subfield></datafield><datafield ind1=" " ind2=" " tag="245"><subfield code="a">Stromdichteverteilungen an mhd-elektroden mit berucksichtigung von korrosions-und erosions problemen 2. jahresbericht - 1974 (unicp - hgc74)</subfield></datafield><datafield ind1=" " ind2=" " tag="260"><subfield code="a">Innsbruck, Institut Fur Theoretische Physics, 1972 Xiii + 182 P. + B61</subfield></datafield><datafield ind1=" " ind2=" " tag="852"><subfield code="a">38537</subfield></datafield></record></collection>